2650 4884
1961 6 2446 14 ———-——--—-—-—-——-—

312 265 512 340 AD
609 266 674 337 L
733 267 769 337 1
816 263 1100 339 BRV
1150 262 1240 335 M
1295 260 1627 367 ⁴xxti<
1689 262 1866 355 (Ω.)
1988 260 2141 335 313

49 456 192 520 mihi
230 457 542 543 longioris
587 455 1036 535 disputationis·
1065 454 1267 515 otium
1307 450 1636 515 feceruntz
1693 448 1885 537 digna
1926 453 2157 534 vtique.

49 582 208 644 qnae
269 566 504 624 iterum
561 556 989 641 inspiciantur.
1112 555 1454 619 Subiiciam
1504 570 1750 619 tantum
1806 556 2139 632 nonnulla,

51 687 211 747 quae
255 680 336 727 vt
376 661 592 747 paullo
619 659 886 747 'longius
927 658 1377 743 procederem,
1433 680 1539 733 -rne
1592 674 1728 721 tum
1776 662 2169 744 mouerunt..-

51 790 226 843 cnm,
272 789 356 829 ex
395 768 789 849 reliquorum
829 784 1000 830 nexu
1044 778 1110 827 et
1150 763 1400 840 ordine,
1438 766 1511 827 in
1548 760 1709 828 haec
1747 784 2011 848 quoque
2048 769 2144 829 in·

53 877 324 935 tentiore
369 892 520 935 cura
563 873 2163 954 inquirerem..

213 978 368 1039 Fuit
399 970 930 1037 Pisistratidarum
958 986 1128 1033 aetas
1173 990 1285 1045 ea,
1350 974 1421 1031 in
1472 992 1601 1055 qua
1667 926 2167 1035 Athenienfium·

55 1085 310 1166 ingenia
349 1093 622 1161 repente
659 1094 964 1160 tanquam
1003 1074 1224 1139 somno
1272 1072 1539 1139 discuss'o
1582 1077 1993 1163 euigilarunt,
2037 1091 2147 1137 aut

51 1188 262 1265 potius
303 1182 530 1243 diuino
575 1182 793 1265 aliquo
833 1176 1051 1243 afflatu
1093 1182 1355 1243 excitata
1390 1177 1608 1240 litteris
1650 1196 1716 1242 et
1753 1180 2004 1262 artibus·
2026 1178 2151 1245 stu.

59 1287 229 1347 dium
275 1305 672 1369 operamque
713 1282 1172 1346 consecrarunt.
1257 1278 1685 1345 Effloruerant
1724 1284 1974 1347 litterae
2015 1289 2151 1347 ianr
2268 1276 2278 1288 ¹

57 1405 186 1451 tum
226 1394 400 1453 inter
445 1390 722 1451 Graecos
767 1384 983 1465 Aliae,
1023 1388 1268 1449 Siciliae
1313 1400 1379 1449 et
1433 1386 1686 1459 Italiae:
1735 1388 1937 1473 lyrica
1994 1411 2151 1471 poe·

59 1490 126 1555 fis
169 1494 254 1555 ad
291 1490 604 1555 summam
639 1492 893 1566 laudem
947 1504 1372 1571 perueneratg
1435 1495 1584 1552 artis
1633 1490 2015 1555 dramaticae
2056 1498 2153 1557 in-

63 1596 378 1661 cunabula
419 1602 487 1659 in
531 1596 768 1673 Sicilia,
809 1615 984 1658 nunc
1025 1610 1334 1659 maturam
1395 1609 1664 1656 aetatem
1720 1594 1979 1658 Athenis
2038 1596 2155 1672 ha·-¹

59 1698 274 1763 buere.
363 1700 489 1762 Per
529 1698 688 1763 haec
747 1684 1037 1781 tempora
1079 1702 1264 1761 etiarn
1300 1702 1543 1785 ingenii
1585 1698 1845 1762 alicuius
1887 1700 2153 1770 felicitae

63 1804 318 1868 existere
375 1810 634 1887 potuit,
679 1802 862 1887 quod
913 1806 1237 1885 propriam
1295 1808 1461 1885 epici
1515 1807 1801 1865 carminis
1856 1821 2153 1869 naturam

63 1908 477 1993 perspiceret,
535 1923 598 1969 et
655 1906 740 1967 ad
791 1926 941 1967 eum
1006 1906 1345 1971 modulum
1395 1905 1777 1991 rhapsodias,
1815 1912 1944 1970 iam
2005 1921 2155 1971 ant'e
2307 1982 2322 2019 ι

67 2018 364 2075 connecti
404 2009 612 2072 solitas
659 2010 1000 2073 ordinaret.

234 2120 424 2202 Quae
455 2112 663 2175 adhuc
703 2114 1016 2197 disputata
1051 2110 1227 2189 sunt,
1267 2112 1437 2177 bene
1488 2110 1830 2178 constituta
1884 2113 2005 2178 ess'e
2066 2119 2155 2186 vif

73 2218 346 2296 dentur,
389 2232 702 2301 quatenus
741 2216 824 2277 de
866 2215 1344 2280 Athenienfibus
1384 2222 1601 2303 agitur.
1687 2222 1773 2283 At
1828 2224 1995 2284 enim
2060 2221 2157 2282 di-

71 2324 305 2387 versam
343 2303 564 2385 rerum*
597 2321 820 2382 faciem
882 2319 1073 2383 obiici
1123 2321 1350 2395 video,
1388 2320 1436 2383 fi
1486 2323 1710 2385 Ioniae
1767 2345 1889 2406 per
1926 2325 2157 2405 eadent

77 2442 358 2509 tempora
418 2422 852 2487 conditionem
912 2438 978 2485 et
1033 2424 1358 2485 Fortunam
1412 2446 1741 2507 compam.
1870 2428 1947 2489 In
2018 2428 2157 2491 Ana

77 2536 240 2593 enim
283 2534 459 2593 etin
517 2526 726 2590 insulis
785 2531 909 2587 iam
962 2543 1108 2588 ante
1173 2524 1683 2593 Pisistratidarum
1743 2546 2032 2615 tempora
2096 2552 2162 2593 et

83 2651 226 2697 ante
267 2634 573 2698 Solonem
617 2628 1000 2695 Archontem
1041 2630 1296 2717 Olymp.
1350 2634 1578 2709 XLVI,
1631 2636 1673 2699 3
1712 2632 2167 2717 fpraestamiffi-

79 2759 178 2799 ma
211 2742 511 2824 ingenia,
549 2739 829 2817 poetices
866 2739 1169 2810 maxime,
1213 2732 1583 2801 floruerant.
1704 2740 1971 2825 Magnus
2008 2762 2167 2823 poe-
2197 2782 2204 2800 ,

81 2856 654 2903 matum-numerus
705 2854 1128 2915 memoratur,
1177 2862 1215 2903 a
1251 2840 1483 2924 quibus
1522 2840 1721 2928 mythi
1765 2848 2043 2927 antiqui,
2075 2850 2167 2904 in-

84 2966 206 3026 que
247 2946 342 3008 his
381 2946 612 3006 Troica
639 2940 915 3027 expolita
957 2942 1239 3018 fuerant,
1287 2946 1573 3029 Cyclicos
1619 2962 1845 3029 poetas
1891 2948 2171 3030 appella-⁴

83 3068 254 3125 mua,
291 3053 402 3133 qui
436 3047 589 3108 inde
653 3066 690 3107 a
727 3051 942 3129 primis
996 3046 1479 3133 Olympiadibus
1527 3046 1735 3111 vixisse
1794 3051 2171 3115 traduntur-t

50 3174 63 3191 ν
87 3154 153 3211 in
196 3150 292 3215 his
334 3154 626 3214 Arctinus
681 3148 992 3225 Milesius„
1052 3155 1164 3233 qui
1214 3150 1597 3235 Aethiopide
1651 3142 2013 3215 Memnonis
2070 3176 2170 3231 res

92 3256 450 3338 complexus
495 3270 658 3331 erat,
697 3252 999 3316 Lescheus
1033 3253 1332 3331 Lesbius,
1398 3260 1573 3318 cuius
1614 3261 1743 3317 vita
1804 3257 2172 3342 Olympiadi

93 3358 376 3421 xxxm
417 3356 783 3443 affiguntur,
825 3358 1038 3421 Jliadis
1077 3380 1314 3442 paruae
1358 3356 1700 3421 notiffirnua
1743 3376 1995 3435 auctor,
2038 3366 2177 3423 Sta·

87 3456 250 3523 finus
291 3464 602 3548 Cyprius,
641 3463 1019 3548 Cypriorum
1061 3468 1407 3525 carminum
1452 3463 1697 3539 auctor,
1744 3484 1887 3526 cum
1926 3460 2177 3531 Νόστων

97 3560 387 3647 scriptore
429 3562 694 3653 Augias
724 3564 1022 3629 pisander
1063 3564 1433 3629 Camirenfis
1472 3567 1780 3642 Rhodius,
1827 3568 2175 3629 Heracleae

98 3666 316 3731 auctor
355 3676 527 3732 circa·-
565 3670 824 3755 Olymp.
865 3670 1166 3735 XXXIII.
1208 3692 1358 3733 nam
1396 3668 1585 3732 serius
1626 3674 1833 3733 vixere
1860 3670 2175 3756 Panyasis,

61 3770 410 3835 -Herodoti
439 3774 802 3835 auunculus
843 3772 948 3836 seu
993 3775 1290 3857 patruelis
1303 3820 1326 3852 ,
1383 3772 1637 3853 alterius
1678 3775 2021 3837 Heracleae
2070 3796 2181 3835 au.

84 3871 266 3951 'ctor,
315 3893 379 3939 et
419 3877 763 3939 Thebaidis
798 3876 1223 3944 Antimachus.
1308 3878 1525 3963 Quid?
1584 3879 1761 3962 quod
1793 3872 2181 3964 ‚Lyricorum

99 3984 414 4063 principes
441 3982 596 4042 inde
634 3981 713 4043 ab
772 3982 1030 4067 Olymp.
1091 3984 1306 4045 XXX.
1359 4002 1506 4044 cum
1559 3982 1943 4063 Terpandro
1964 4027 1983 4057 ,
2040 3982 2181 4044 Ale-

100 4099 278 4157 man,
319 4084 614 4158 Alcaeus,
656 4084 955 4169 Sappho,
1009 4090 1137 4146 iam
1185 4091 1501 4160 vixerant,
1553 4084 1961 4148 Archilochus
2018 4086 2183 4147 Iam-

101 4178 456 4271 bographus
544 4195 733 4250 etiam
771 4238 780 4245 .
821 4192 1141 4275 antiquior
1209 4190 1356 4253 'ad··
1394 4188 1656 4275 Olymp.
1715 4192 1869 4251 XX.
1936 4188 2181 4253 xxm.
