2650 4884
434 263 1357 343 AD¹L113RVM
1456 266 1744 367 XXIV
1847 242 2009 360 m)
2086 266 2282 345 :805

168 466 617 537 argumentum
673 446 965 533 Emplex,
1022 459 1390 517 narratione
1447 458 1626 516 vuius
1681 452 1832 517 facti
1871 472 1998 517 -aut
2029 461 2130 517 rei
2173 454 2278 519 ab·

160 554 479 628 solutum,
520 554 871 616 multorum
924 561 1328 643 ingeniorum
1389 580 1507 641 per
1553 580 1856 644 magnum
1915 574 2275 641 temporum

161 657 512 721 decursum
558 656 857 739 consensu
916 675 983 720 et
1037 666 1411 723 continuata
1469 684 1701 744 opera,
1759 667 1834 727 iis
1890 660 2012 725 effe
2070 664 2272 726 acces-

156 758 447 827 fionibus
501 760 996 843 locupletatum,
1051 781 1118 825 vt
1187 764 1496 846 prodierit
1569 786 1728 847 epos
1796 764 1920 827 hoc
1990 766 2270 848 partibus

155 862 285 927 suis
330 862 703 927 absolutum.
792 866 1029 937 Verum
1070 872 1231 930 tanti
1258 868 1546 929 miraculi
1583 888 1708 931 nec
1749 868 1942 929 vllam
1973 866 2270 952 suspicio·

153 990 315 1031 nem
358 966 652 1028 alicunde
694 967 921 1029 elicere
962 976 1184 1051 potui,
1233 988 1356 1033 :nec
1415 970 1583 1034 bene
1628 976 1931 1034 conuenit
1969 974 2076 1035 illa
2119 995 2265 1035 cum

156 1076 429 1153 antiqua
467 1070 675 1132 fama:
712 1092 829 1152 per
868 1068 1235 1154 rhapsodias
1272 1070 1540 1159 lingulas
1604 1075 1936 1139 decantata
1983 1064 2260 1159 primum

146 1174 397 1237 =Iliados
440 1190 504 1235 et
546 1172 857 1261 Odysseae
901 1182 1180 1240 carmina
1221 1174 1419 1239 fuisse.

330 1276 681 1339 Videamus
749 1278 1015 1339 modum
1075 1278 1473 1361 probabilem
1543 1284 1832 1354 tertium,
1895 1301 2032 1372 ‘quo
2104 1281 2254 1346 Jlias

144 1378 364 1443 enasci
406 1379 724 1463 potuerit,
770 1379 817 1442 fi
860 1398 1167 1463 ponatur,
1208 1386 1521 1466 primitus
1565 1387 1836 1445 carmina
1887 1387 2248 1471 antiquiora
2289 1414 2298 1419 ·
2363 1448 2372 1457 ,

139 1486 377 1570 plura,
430 1505 595 1569 quae
634 1480 1129 1582 rhapsodiarum‘
1166 1492 1429 1549 nomine
1481 1508 1620 1549 mos
1677 1501 1745 1547 et
1803 1484 1938 1547 vsus
1996 1484 2249 1574 insigni-

146 1596 279 1665 vit,
320 1586 609 1670 extitisti-,⁹
629 1586 937 1667 singula,
954 1590 1311 1674 seriusque
1351 1588 1672 1670 ingeniosi
1707 1590 1993 1649 hominis
2036 1612 2244 1673 opera

140 1696 227 1753 in
274 1712 513 1774 corpus
552 1688 678 1773 effe
720 1692 1017 1754 collecta.
1101 1692 1313 1755 Primo
1379 1698 1683 1755 conuenit
1725 1692 1851 1753 hoc
1896 1713 2039 1755 cum
2085 1696 2246 1755 anti..

74 1874 81 1883 .
138 1818 280 1880 qua
314 1780 516 1871 fama,
561 1814 729 1884 quae
769 1778 1132 1875 rhapsodias
1166 1794 1440 1881 lingulas
1500 1797 1654 1858 olim
1713 1794 1952 1859 habitas
2013 1812 2076 1858 et
2141 1798 2243 1859 r'e.

139 1904 371 1962 citatas
415 1896 535 1961 ess'e
582 1898 664 1959 ad
711 1895 1134 1979 posteritatem
1176 1900 1494 1983 prodidit:
1525 1900 1610 1961 de
1649 1884 1780 1984 qua
1822 1916 2032 1961 actum
2073 1902 2239 1967 Sect.

134 2004 256 2065 111.
343 2002 655 2063 Firmatur
691 1998 847 2063 haec
888 2002 1061 2063 fama
1096 2008 1171 2064 iis
1214 2000 1356 2085 ipfis
1385 2024 1550 2087 quae
1591 2006 1664 2065 in.
1701 2003 1902 2066 Iliade
1941 2019 2007 2065 et
2037 2000 2237 2089 Odys.
2298 2067 2318 2084 x

134 2106 250 2169 sea
299 2120 732 2167 memorantur
768 2104 849 2166 de
895 2088 1269 2167 carminibuss
1303 2102 1556 2193 [iugulis
1595 2110 1866 2169 recitatis
1921 2127 1957 2166 a
2000 2112 2228 2187 poetis,

138 2226 215 2271 et
252 2208 513 2291 quidem
562 2213 912 2295 argumenti
952 2230 1028 2270 ex
1062 2208 1494 2287 rebuleiacis
1533 2214 1718 2293 petiti
1757 2230 1965 2294 eoque
2004 2230 2235 2294 cogna-

138 2318 198 2375 ti
240 2327 306 2373 et
339 2317 639 2397 congrui:
697 2316 767 2372 in
806 2308 1021 2395 Odyff.
1081 2315 1156 2388 A,
1212 2314 1364 2378 326.
1417 2318 1569 2396 327.
1632 2315 1783 2380 350.
1849 2334 1882 2373 a
1915 2311 2270 2397 Phemio„

136 2434 284 2478 tum
326 2413 543 2501 Odyss'.
588 2416 667 2491 Θ,
708 2418 791 2496 76
833 2412 917 2499 sq.
964 2417 1093 2499 489
1136 2415 1219 2500 sq.
1264 2424 1394 2499 499
1437 2414 1522 2501 sq.
1579 2419 1708 2499 567
1741 2414 1828 2499 sq.
1883 2416 1966 2477 de
2020 2412 2230 2501 Vlyss'e

137 2544 179 2581 a
224 2518 607 2581 Demodoco
648 2522 924 2579 carmina
984 2518 1295 2581 eiusmodi
1345 2517 1452 2583 seu
1515 2510 1884 2603 rhapsodiae
1934 2519 2232 2581 decanta-

134 2640 248 2685 tae
290 2637 739 2685 memorantur.
866 2622 1185 2683 Tenemus
1241 2627 1459 2706 itaque
1513 2643 1757 2684 morem
1813 2628 2226 2706 antiquorum

130 2728 504 2799 hominum:
563 2724 813 2806 prorsus
874 2726 1083 2787 famae
1138 2730 1433 2810 antiquae
1480 2724 2006 2798 consentaneum;
2071 2748 2244 2795 eun-‚

132 2830 417 2912 demque
448 2850 569 2911 per
620 2828 805 2912 plura
864 2824 1111 2891 saecula
1169 2835 1649 2905 continuatum,
1711 2834 1898 2891 etiam
1951 2826 2092 2912 post
2146 2850 2232 2911 ea⁸

128 2951 464 3013 tempora,
522 2929 751 3015 quibus
806 2936 933 2995 iam
983 2931 1247 2995 ,Iliadem
1297 2948 1367 3007 et
1416 2930 1750 3018 Odyss'eam
1812 2948 2228 2994 memoratam

126 3038 423 3122 legimus.
508 3034 830 3096 Conuenit
861 3056 1059 3118 porro
1094 3054 1195 3099 res
1234 3038 1474 3121 ingenii
1502 3033 1762 3097 humani
1813 3036 2048 3110 indoli,
2087 3056 2228 3097 mo-

132 3142 293 3202 dulo
319 3185 342 3214 ‚
412 3140 613 3214 mori,
674 3152 745 3199 vt
802 3158 841 3199 a
900 3135 1150 3229 lingulis
1196 3139 1549 3223 procedant
1589 3143 1836 3214 omnia,
1902 3138 2224 3222 seriusque

132 3242 520 3328 colligantur
561 3238 777 3303 nmilia
818 3256 882 3302 et
929 3258 1201 3327 cognata
1252 3246 1321 3303 in
1357 3262 1555 3303 vnum
1598 3262 1860 3323 corpus;
1919 3264 1958 3303 a
1990 3246 2230 3303 conati.

124 3346 256 3409 bus
322 3344 613 3407 tenuibus
664 3346 1109 3430 progredimur
1169 3344 1253 3409 ad
1319 3350 1596 3419 maiora;
1663 3340 1963 3431 Propenfi
2015 3342 2224 3405 sumus

128 3447 490 3514 natura'ad
530 3446 729 3529 sparsa
769 3452 839 3509 in
878 3470 1068 3510 vnam
1126 3453 1490 3533 congeriem
1545 3448 1896 3534 colligenda
1915 3491 1936 3523 ‚
1986 3448 2072 3510 ad
2123 3470 2226 3510 re·-

132 3552 455 3615 vocandan
494 3547 723 3632 species
761 3552 844 3613 ad
885 3570 1083 3637 genus
1121 3550 1340 3627 suum,
1373 3567 1580 3634 partes
1621 3552 1705 3614 ad
1761 3566 2001 3639 vtum3
2069 3572 2220 3613 cou-

132 3676 236 3720 tra
290 3675 444 3717 vero
498 3674 745 3737 ponere
780 3646 1012 3717 'totum
1064 3654 1363 3740 aliquod,
1422 3658 1594 3717 cuius
1639 3674 1728 3716 ne
1777 3674 1905 3716 vna
1956 3652 2220 3737 quidem

132 3755 555 3847 pars-adhuc
606 3762 923 3834 innotuit,
983 3756 1065 3819 ab
1122 3757 1424 3821 humano·
1459 3762 1716 3844 ingenio
1785 3754 1874 3819 est
1918 3758 2217 3821 alienum.

132 3868 283 3927 Hoc
322 3867 537 3946 itaque
576 3858 710 3922 fieri
751 3866 982 3943 potuit,
1020 3876 1085 3923 et
1122 3861 1360 3925 factum
1406 3858 1530 3923 effe
1563 3858 1900 3944 probabile
1941 3860 2029 3936 fit,
2069 3882 2220 3923 cum

134 3986 401 4051 magnus
438 3985 739 4027 numerus
783 3963 1171 4051 singulorum
1227 3970 1575 4027 carminum
1637 3968 1984 4043 communis
2040 3984 2222 4050 argu.

135 4074 338 4134 menti
377 4068 461 4131 de
498 4066 685 4130 rebus
723 4068 925 4132 Jliacis
976 4090 1094 4153 per
1152 4069 1348 4131 multa
1399 4066 1640 4133 faecula
1695 4063 1912 4152 peffim
1967 4066 2218 4129 habitus

136 4194 205 4239 et
241 4171 713 4237 recitationibus
752 4172 1185 4257 frequentatus
1224 4170 1410 4250 effet,
1451 4173 1709 4238 tandem
1753 4170 2096 4259 aliquando
2126 4172 2224 4235 iu·-
2348 4206 2357 4211 -
2433 4197 2440 4203 ·
